@comment{USA could be ", USA" for appending USA to all locations with states.}
@string{USA = ""}
@string{proc = "Proceedings of "}
@string{proct = proc # "the "}
@string{intl = "International"}
@string{RFC = "{Internet Engineering Task Force Request for Comments RFC-}"}
@string{IMW = proct # "{ACM SIGCOMM Internet Measurement Workshop (IMW)}"}
@string{IMC = proct # "{ACM SIGCOMM Internet Measurement Conference (IMC)}"}
@string{CCR = "{ACM SIGCOMM Computer Communication Review}"}
@string{OSR = "{ACM Operating Systems Review}"}
@string{FDNA = proct # {ACM SIGCOMM Workshop on Future Directions in Network Architecture (FDNA)}}
@string{NETWORK = "{IEEE Network}"}
% @string{HOTNETS = "{HotNets}"}
@string{TOCS = "{ACM Transactions on Computer Systems}"}
@string{HOTNETS = proct # "{ACM Workshop on Hot Topics in Networks (HotNets)}"}
@string{HOTNETS2 = HOTNETS}
% proct # "{Second ACM Workshop on Hot Topics in Networks (HotNets-II)}"}
@string{SIGCOMM = proct # "{ACM SIGCOMM Conference on Applications, Technologies, Architectures, and Protocols for Computer Communication} (SIGCOMM)"}
@string{SIGCOMM934 = proct # "{ACM SIGCOMM Conference on Communications Architectures, Protocols, and Applications (SIGCOMM)} "}
@string{SIGCOMM912 = proct # "{ACM SIGCOMM Conference on Communications Architectures and Protocols (SIGCOMM)} "}
@string{SIGCOMM889 = proct # "{ACM SIGCOMM Symposium on Communications Architectures and Protocols (SIGCOMM)} "}
@string{SIGMETRICS = proct # "{ACM SIGMETRICS International Conference on Measurement and Modeling of Computer Systems}"},
@string{PAM = proc # "Passive \& Active Measurement (PAM)"}
% @string{SOSP = "SOSP"}
@string{SOSP = proct # "ACM Symposium on Operating Systems Principles (SOSP)"}
% @string{OSDI = "OSDI"}
@string{OSDI = proct # "Symposium on Operating Systems Design and Implementation (OSDI)"}
% @string{USITS = "USITS"}
@string{USITS = proct # "USENIX Symposium on Internet Technologies and Systems (USITS)"}
@string{USENIXSEC = proct # "USENIX Security Symposium"}
@string{USENIX = proct # "USENIX Annual Technical Conference"}
@string{INFOCOM = proct # "IEEE Joint Conference of the IEEE Computer and Communications Societies (INFOCOM)"}
@string{INFOCOM00 = INFOCOM}
% proct # "IEEE Nineteenth Annual Joint Conference of the IEEE Computer and Communications Societies (INFOCOM)"}
@string{HPDC = proc # "High Performance Distributed Computing Conference (HPDC)"}
@string{ICS = proc # "ACM " # intl # " Conference on Supercomputing (ICS)"}
@string{ICS12 = proct # "12th ACM " # intl # " Conference on Supercomputing (ICS)"}
@string{TON = "IEEE/ACM Transactions on Networking"}
@string{MOBICOM = proct # intl # " Conference on Mobile Computing and Networking (MOBICOM)"}
@string{MOBISYS = proct # intl # " Conference on Mobile Systems, Applications and Services (MOBISYS)"}
@string{MOBIHOC = proct # intl # " Symposium on Mobile Ad Hoc Networking and Computing (MOBIHOC)"}
@string{popl = proct # "{ACM} {SIGPLAN/SIGACT} Symposium on Principles of Programming Languages (POPL)"}
@string{podc = proct # "ACM Symposium on Principles of Distributed Computing (PODC)"}
@string{ICSE = proct # "International Conference on Software Engineering (ICSE)"}
@string{openarch = proct # "IEEE Conference on Open Architectures (OPENARCH)" }
@string{SIGCSE  =  proct # "SIGCSE Technical Symposium on Computer Science Education (SIGCSE)"},
@string{NSDI = proct # {ACM/USENIX Symposium on Networked Systems Design and Implementation (NSDI)}}
@string{WORLDS = proct # {USENIX Workshop on Real, Large Distributed Systems (WORLDS)}}
@string{ICNP = proct # {IEEE International Conference on Network Protocols (ICNP)}}
@string{SRUTI = proct # {USENIX Workshop on Steps to Reducing Unwanted Traffic in the Internet (SRUTI)}}
@string{ICC = proct # {IEEE International Conference on Communications}}
@string{WOSN = proct # {ACM SIGCOMM Workshop on Online Social Networks (WOSN)}}
@string{WPES =  proct # {ACM Workshop on Privacy in the Electronic Society}}
@string{KDD =  proct # {ACM SIGKDD Conference on Knowledge Discovery and Data Mining (KDD)}}
@string{CHANTS =  proct # {ACM Workshop on Challenged Networks (CHANTS)}}
@string{HEALTHSEC =  proct # {USENIX Workshop on Health Security and Privacy (HealthSec)}}
@string{SOSR=proc # "Symposium on SDR Research (SOSR)"}
@string{HOTMB=proc # "Workshop on Hot Topics in Middleboxes (HotMB)"}
@string{SOCC-POSTER=proc # "ACM Symposium on Cloud Computing (SoCC) -- poster"}
